% This file was created with JabRef 2.6.
% Encoding: MacRoman

@Article{bgpLSurvey,
    title = {Securing BGP - A Literature Survey},
    author = {Huston, G. and Rossi, M. and Armitage, G.},
    year = {2011},
    pages = {199-222},
    volume = {13},
    number = {2},
    journal = {IEEE Communications Surveys and Tutorials },
    url = {http://ieeexplore.ieee.org/xpls/abs_all.jsp?tp=\&arnumber=5473881\&tag=1},
    owner = {Chockalingam},
  timestamp = {2011.07.17}
}

@INPROCEEDINGS{servitr,
author={Huang, D. and Ata, S. and Medhi, D.},
booktitle={GLOBECOM 2010, 2010 IEEE Global Telecommunications Conference}, 
title={Establishing Secure Virtual Trust Routing and Provisioning Domains for Future Internet},
year={2010},
month={Dec.},
volume={},
number={},
pages={1 -6},
doi={10.1109/GLOCOM.2010.5683661},
ISSN={1930-529X},
  owner = {Chockalingam},
  timestamp = {2011.07.17}
  }


@TechReport{dnsNLRI,
  author =	 {Bates, T and Bush, R. and T. Li and Rekhter, Y.},
  title =	"\emph {DNS-based NLRI origin AS verification in BGP}",
  type = "Available from",
  note =	 " \url{http://tools.ietf.org/html/draft-bates-bgp4-nlri-orig-verif-00} (1998);
                  accessed 18 August 2011.",
  owner = {Chockalingam},
  timestamp = {2011.06.29}
}

@article{cacmChapter,
 author = {Huang, D and Cao, Q and Sinha, A and Schniederjans, M.J. and Beard, C and Harn, L and Medhi, D},
 title = {New architecture for intra-domain network security issues},
 journal = {Commun. ACM},
 volume = {49},
 issue = {11},
 month = {Nov.},
 year = {2006},
 issn = {0001-0782},
 pages = {64--72},
 numpages = {9},
 url = {http://doi.acm.org/10.1145/1167838.1167839},
 doi = {http://doi.acm.org/10.1145/1167838.1167839},
 acmid = {1167839},
 publisher = {ACM},
 address = {New York, NY, USA},
 owner = {Chockalingam},
  timestamp = {2011.06.29}
} 

@inproceedings{ctAbe,
 author = {Bethencourt, J and Sahai, A and Waters, B},
 title = {Ciphertext-Policy Attribute-Based Encryption},
 booktitle = {Proceedings of the 2007 IEEE Symposium on Security and Privacy},
 series = {SP '07},
 year = {2007},
 isbn = {0-7695-2848-1},
 pages = {321--334},
 numpages = {14},
 url = {http://dx.doi.org/10.1109/SP.2007.11},
 doi = {http://dx.doi.org/10.1109/SP.2007.11},
 acmid = {1264219},
 publisher = {IEEE Computer Society},
 address = {Washington, DC, USA},
 owner = {Chockalingam},
  timestamp = {2011.06.29}
} 

@inproceedings{IBE,
 author = {Boneh, D and Franklin, M. K.},
 title = {Identity-Based Encryption from the Weil Pairing},
 booktitle = {Proceedings of the 21st Annual International Cryptology Conference on Advances in Cryptology},
 series = {CRYPTO '01},
 year = {2001},
 isbn = {3-540-42456-3},
 pages = {213--229},
 numpages = {17},
 url = {http://portal.acm.org/citation.cfm?id=646766.704155},
 acmid = {704155},
 publisher = {Springer-Verlag},
 address = {London, UK},
} 

@ARTICLE{bgpSurvey,
author={Butler, K. and Farley, T.R. and McDaniel, P. and Rexford, J.},
journal={Proceedings of the IEEE}, 
title={A Survey of BGP Security Issues and Solutions},
year={2010},
month={Jan. },
volume={98},
number={1},
pages={100 -122},
keywords={BGP security;Internet;border gateway protocol;interdomain routing security;Internet;routing protocols;security of data;},
doi={10.1109/JPROC.2009.2034031},
ISSN={0018-9219},
owner = {Chockalingam},
timestamp = {2011.06.29}
}

@ARTICLE{bgprouting,
author={Caesar, M. and Rexford, J.},
journal={Network, IEEE}, 
title={BGP routing policies in ISP networks},
year={2005},
month={Dec.},
volume={19},
number={6},
pages={ 5 - 11},
keywords={ BGP routing policies; ISP networks; Internet; path vector protocol; Internet; network servers; routing protocols;},
doi={10.1109/MNET.2005.1541715},
ISSN={0890-8044},
owner = {Chockalingam},
timestamp = {2011.06.29}
 }


@TechReport{pnni,
  author =	 "ATM{ }Forum{ }Technical{ }Committee",
  title =	"\emph {Private Network-Network Interface Specification Version 1.1}",
  type = "Available from",
  note =	 " \url{http://www.cisco.com/univercd/cc/td/doc/product/wanbu/bpx8600/pnni_ses/rel11/pnnipg/pintro.htm (2000)};
                  accessed 18 August 2011."
}

@INPROCEEDINGS{IRV,
    author = {Goodell, G.. and Aiello, W. and Griffin, T. and Ioannidis, J and McDaniel, P. and Rubin, A.},
    title = {Working Around BGP: An Incremental Approach to Improving Security and Accuracy of Interdomain Routing},
    booktitle = {In Proc. NDSS},
    year = {2003},
    owner = {Chockalingam},
    timestamp = {2011.06.29}
}

@TechReport{irtf,
  author =	 "The{ }Routing{ }Research{ }Group",
  title =	"\emph {The Routing Research Group}",
  type = "Available from",
  note =	 " \url{http://irtf.org/rrg (2011)};
                  accessed 18 August 2011.",
   owner = {Chockalingam},
  timestamp = {2011.06.29}

}

@inproceedings{SPV,
 author = {Hu, Y. C and Perrig, A. and Sirbu, M.},
 title = {SPV: Secure Path Vector Routing for Securing BGP},
 booktitle = {Proceedings of the 2004 Conference on Applications, Technologies, Architectures, and Protocols for Computer Communications},
 series = {SIGCOMM '04},
 year = {2004},
 isbn = {1-58113-862-8},
 location = {Portland, Oregon, USA},
 pages = {179--192},
 numpages = {14},
 url = {http://doi.acm.org/10.1145/1015467.1015488},
 doi = {http://doi.acm.org/10.1145/1015467.1015488},
 acmid = {1015488},
 publisher = {ACM},
 address = {New York, NY, USA},
 keywords = {BGP, Border Gateway Protocol, interdomain routing, routing, security},
  owner = {Chockalingam},
  timestamp = {2011.06.29}
} 

@inproceedings{cacminfra,
  author = "Medhi, D. and  Huang, D.",
  title = "Secure and Resilient Routing: Building Blocks  for Resilient Network Architectures",
  booktitle = "Information Assurance: Dependability and Security in Networked Systems",
  note = "{Y}. Qian, D. Tipper, P. Krishnamurthy, and J. Joshi (Eds.)",
  pages = "417--457",
  publisher = "Elsevier",
  year = "2008"
}

@ARTICLE{sBGP,
author={Kent, S. and Lynn, C. and Seo, K.},
journal={Selected Areas in Communications, IEEE Journal on}, 
title={Secure Border Gateway Protocol (S-BGP)},
year={2000},
month={Apr.},
volume={18},
number={4},
pages={582 -592},
doi={10.1109/49.839934},
ISSN={0733-8716},
  owner = {Chockalingam},
  timestamp = {2011.06.29}
}

@book{NrDm,
 author = {Medhi, D and Ramasamy, K},
 title = {Network Routing: Algorithms, Protocols, and Architectures},
 year = {2007},
 isbn = {0120885883},
 publisher = {Morgan Kaufmann Publishers Inc.},
 address = {San Francisco, CA, USA},
  owner = {Chockalingam},
  timestamp = {2011.07.17}
}

@inproceedings{HORS,
 author = {Reyzin, L and Reyzin, N},
 title = {Better than BiBa: Short One-Time Signatures with Fast Signing and Verifying},
 booktitle = {Proceedings of the 7th Australian Conference on Information Security and Privacy},
 series = {ACISP '02},
 year = {2002},
 isbn = {3-540-43861-0},
 pages = {144--153},
 numpages = {10},
 url = {http://portal.acm.org/citation.cfm?id=646039.678322},
 acmid = {678322},
 publisher = {Springer-Verlag},
 address = {London, UK, UK},
  owner = {Chockalingam},
  timestamp = {2011.06.29}
}

@ARTICLE{soBGP,
  author = {R. White},
  title = {Architecture and Deployment Considerations for Secure Origin BGP
	(soBGP)},
  journal = {draft-white-sobgp-architecture-01},
  year = {2005},
  owner = {Chockalingam},
  timestamp = {2011.06.29},
  url = {http://tools.ietf.org/html/draft-white-sobgp-architecture-01}
}

@ARTICLE{soBGP-IJP,
  author = {R. White},
  title = {Securing BGP through secure origin BGP},
  journal = {Internet Protocol Journal},
  year = {2003},
  volume = {6},
  owner = {Chockalingam},
  timestamp = {2011.06.29}
}

@inproceedings{ddhellman,
 author = {Boneh, Dan},
 title = {The Decision Diffie-Hellman Problem},
 booktitle = {Proceedings of the Third International Symposium on Algorithmic Number Theory},
 year = {1998},
 isbn = {3-540-64657-4},
 pages = {48--63},
 numpages = {16},
 url = {http://portal.acm.org/citation.cfm?id=648184.749735},
 acmid = {749735},
 publisher = {Springer-Verlag},
 address = {London, UK},
  owner = {Chockalingam},
  timestamp = {2011.06.29}
}

@inproceedings{zhibinABE,
 author = {Zhou, Zhibin and Huang, Dijiang},
 title = {On efficient ciphertext-policy attribute based encryption and broadcast encryption: extended abstract},
 booktitle = {Proceedings of the 17th ACM conference on Computer and communications security},
 series = {CCS '10},
 year = {2010},
 isbn = {978-1-4503-0245-6},
 location = {Chicago, Illinois, USA},
 pages = {753--755},
 numpages = {3},
 url = {http://doi.acm.org/10.1145/1866307.1866420},
 doi = {http://doi.acm.org/10.1145/1866307.1866420},
 acmid = {1866420},
 publisher = {ACM},
 address = {New York, NY, USA},
 keywords = {attribute-based encryption, broadcast encryption},
} 

@TechReport{chinaIn,
  author =	 "National{  }Defense{  }Magazine",
  title =	"\emph {China Internet Hijacking May Have Been Smokescreen for Targeted Attack}",
  type = "Available from",
  note =	 " \url{http://www.nationaldefensemagazine.org/blog/Lists/Posts/Post.aspx?ID=254} (2010);
                  accessed 18 August 2011.",
   owner = {Chockalingam},
  timestamp = {2011.06.29}

}

@TechReport{cpabetoolkit,
  author =	{Bethencourt, J. and Sahai, A. and Waters, B.},
  title =	"\emph {Ciphertext-Policy Attribute-Based Cryptography Toolkit}",
  type = "Available from",
  note =	 " \url{http://acsc.cs.utexas.edu/cpabe} (2006);
                  accessed 18 August 2011.",
   owner = {Chockalingam},
  timestamp = {2011.06.29}

}

@TechReport{youtube,
  author =	"Routing{ }Information{  }Service",
  title =	"\emph {YouTube Hijacking - A RIPE NCC RIS case study}",
  type = "Available from",
  note =	 " \url{http://www.ripe.net/internet-coordination/news/industry-developments/youtube-hijacking-a-ripe-ncc-ris-case-study} (2008);
                  accessed 18 August 2011.",
   owner = {Chockalingam},
  timestamp = {2011.06.29}

}

@comment{jabref-meta: selector_publisher:}

@comment{jabref-meta: selector_author:}

@comment{jabref-meta: selector_journal:}

@comment{jabref-meta: selector_keywords:}

